@book{MR2047103,
         AUTHOR = {Hartsfield, N. and Ringel, G.},
          TITLE = {Pearls in graph theory},
      PUBLISHER = {Dover Publications Inc.},
        ADDRESS = {Mineola, NY},
           YEAR = {2003},
          PAGES = {x+249},
           ISBN = {0-486-43232-7},
        MRCLASS = {05-01 (05Cxx)},
       MRNUMBER = {2047103 (2004m:05001)}
}
@book{HF1969,
  		AUTHOR = {Harary, F.},
  		TITLE  = {Graph theory},
  	PUBLISHER  = {Addison-Wesley Pub. Co.},
  	   ADDRESS = {Mineola, NY},
  		  YEAR = {1969},
         PAGES = {x+249},
          ISBN = {0-486-43232-7},
       MRCLASS = {05-01 (05Cxx)},
      MRNUMBER = {2047103 (2004m:05001)}
  
}
%@book{munkres1984elements,
%  title={Elements of algebraic topology},
%  author={Munkres, J.R.},
%  isbn={9780201054873},
%  lccn={lc84006250},
%  series={Advanced book program},
%  url={https://books.google.com.mx/books?id=tsIPAQAAMAAJ},
%  year={1984},
%  publisher={Addison-Wesley}
%}